@Manual{R-ape,
  title = {ape: Analyses of Phylogenetics and Evolution},
  author = {Emmanuel Paradis and Simon Blomberg and Ben Bolker and Julien Claude and Hoa Sien Cuong and Richard Desper and Gilles Didier and Benoit Durand and Julien Dutheil and RJ Ewing and Olivier Gascuel and Christoph Heibl and Anthony Ives and Bradley Jones and Daniel Lawson and Vincent Lefort and Pierre Legendre and Jim Lemon and Rosemary McCloskey and Johan Nylander and Rainer Opgen-Rhein and Andrei-Alin Popescu and Manuela Royer-Carenzi and Klaus Schliep and Korbinian Strimmer and Damien {de Vienne}},
  year = {2017},
  note = {R package version 4.1},
  url = {https://CRAN.R-project.org/package=ape},
}
@Manual{R-base,
  title = {R: A Language and Environment for Statistical Computing},
  author = {{R Core Team}},
  organization = {R Foundation for Statistical Computing},
  address = {Vienna, Austria},
  year = {2017},
  url = {https://www.R-project.org/},
}
@Manual{R-bookdown,
  title = {bookdown: Authoring Books and Technical Documents with R Markdown},
  author = {Yihui Xie},
  year = {2017},
  note = {R package version 0.5.10},
  url = {https://github.com/rstudio/bookdown},
}
@Manual{R-geiger,
  title = {geiger: Analysis of Evolutionary Diversification},
  author = {Luke Harmon and Jason Weir and Chad Brock and Rich Glor and Wendell Challenger and Gene Hunt and Rich FitzJohn and Matt Pennell and Graham Slater and Joseph Brown and Josef Uyeda and Jon Eastman},
  year = {2015},
  note = {R package version 2.0.6},
  url = {https://CRAN.R-project.org/package=geiger},
}
@Manual{R-knitr,
  title = {knitr: A General-Purpose Package for Dynamic Report Generation in R},
  author = {Yihui Xie},
  year = {2017},
  note = {R package version 1.17},
  url = {https://CRAN.R-project.org/package=knitr},
}
@Manual{R-rmarkdown,
  title = {rmarkdown: Dynamic Documents for R},
  author = {JJ Allaire and Yihui Xie and Jonathan McPherson and Javier Luraschi and Kevin Ushey and Aron Atkins and Hadley Wickham and Joe Cheng and Winston Chang},
  year = {2017},
  note = {R package version 1.8},
  url = {https://CRAN.R-project.org/package=rmarkdown},
}
@Manual{R-rotl,
  title = {rotl: Interface to the 'Open Tree of Life' API},
  author = {Francois Michonneau and Joseph Brown and David Winter},
  year = {2017},
  note = {R package version 3.0.3},
  url = {https://CRAN.R-project.org/package=rotl},
}
